@MISC{ Kurt,
  TITLE  = {Wiki-Badminton},
  URL    = {http://cs.wikipedia.org/wiki/Badminton},
  URLDATE= {2015-03-23},
}  

@MISC{ BPOndra,
  TITLE  = {Bakalářská práce - Návrh a řízení stroje na badminton},
  URL    = {http://support.dce.felk.cvut.cz/mediawiki/images/7/7f/Bp_2014_maslikiewicz_ondrej.pdf},
  URLDATE= {2014-05-22},
}  

@MISC{ knight,
  TITLE  = {Black Knight - Knight Trainer Badminton shuttlecock birdie launcher shooter machine, badminton training machine},
  URL    = {http://knighttrainer.com/index_1.php},
  URLDATE= {2015-05-13},
}    

@MISC{ apollo,
  TITLE  = {badminton training},
  URL    = {http://www.badmintonmachine.com/home},
  URLDATE= {2015-05-13},
} 

@MISC{ siboasi,
  TITLE  = {Siboasi Shuttlecock Shooter Machine Series - Siboasi Sales - Tennis Ball Machines, Stringing Machine, Sport Machine},
  URL    = {http://www.siboasi-sales.com/8-shuttlecock-shooter},
  URLDATE= {2015-05-13},
} 

@MISC{ raspi,
  TITLE  = {Raspberry Pi - Teach, Learn, and Make with Raspberry Pi},
  URL    = {https://www.raspberrypi.org/},
  URLDATE= {2015-05-13},
} 

@MISC{ badmintonweb,
  TITLE  = {Badminton - pravidla, aktuality, recenze, haly |  Badmintonweb.cz},
  URL    = {http://www.badmintonweb.cz/},
  URLDATE= {2015-05-13},
} 

@MISC{ br,
  TITLE  = {B\&R: X20CP3586},
  URL    = {http://www.br-automation.com/cs/produkty/control-systems/x20-system/x20-cpus/x20cp3586/},
  URLDATE= {2015-05-13},
} 

@MISC{ mars,
  TITLE  = {Uživatelský manuál k jednotce MARS 8},
  URL    = {http://cmp.felk.cvut.cz/~pisa/mars8/mars8_man_cz.html},
  URLDATE= {2015-05-20},
} 

@BOOK{ Badminton_shuttlecock_aerodynamics,
  AUTHOR = {Chak Man Chan, Jenn Stroud Rossmann},
  TITLE  = {Badminton shuttlecock aerodynamics: synthesizing experiment and theory. Sports Eng(2012) 15:61-71. DOI 10.1007/s1283-012-0086-7},
  PAGES = {61-71},
}

@BOOK{ Shuttlecock_dynamics,
  AUTHOR = {Baptiste Darbois Texier},
  TITLE  = {Caroline Cohen, David Quéré, Christophe
Claneta. Shuttlecock dynamics. Procedia Engineering 34 ( 2012 ) 176 – 181},
  PAGES = {61-71},
}

@article { The_aerodynamic_wall,
  author = {Cohen, Caroline and Darbois-Texier, Baptiste and Dupeux, Guillaume and Brunel, Eric and Qu{\'e}r{\'e}, David and Clanet, Christophe},
  title = {The aerodynamic wall},
  volume = {470},
  number = {2161},
  year = {2013},
  doi = {10.1098/rspa.2013.0497},
  publisher = {The Royal Society},
  abstract = {We study the trajectory of dense projectiles subjected to gravity and drag at large Reynolds number. We show that two types of trajectories can be observed: if the initial velocity is smaller than the terminal velocity of free fall, we observe the classical Galilean parabola: if it is larger, the projectile decelerates with an asymmetric trajectory first drawn by Tartaglia, which ends with a nearly vertical fall, as if a wall impeded the movement. This regime is often observed in sports, fireworks, watering, etc. and we study its main characteristics.},
  isbn = {1471-2946},
  issn = {1364-5021},
  journal = {Proceedings of the Royal Society of London A: Mathematical, Physical and Engineering Sciences}
}